<record><leader>00000cas a22000007a 4500</leader><controlfield tag="001">11619134</controlfield><controlfield tag="008">850125d18701875wiuwr ne      0    0eng d</controlfield><datafield ind1=" " ind2=" " tag="010"><subfield code="a">sn 85033035 </subfield></datafield><datafield ind1=" " ind2=" " tag="040"><subfield code="a">NPU</subfield><subfield code="b">eng</subfield><subfield code="c">NPU</subfield><subfield code="d">NPV</subfield><subfield code="d">MGN</subfield><subfield code="d">OCLCQ</subfield></datafield><datafield ind1=" " ind2=" " tag="042"><subfield code="a">msc</subfield></datafield><datafield ind1=" " ind2=" " tag="045"><subfield code="a">w7w7</subfield></datafield><datafield ind1=" " ind2=" " tag="052"><subfield code="a">4123</subfield><subfield code="b">R6</subfield></datafield><datafield ind1="0" ind2=" " tag="130"><subfield code="a">Evansville review (Evansville, Wis. : 1870)</subfield></datafield><datafield ind1="1" ind2="4" tag="245"><subfield code="a">The Evansville review.</subfield></datafield><datafield ind1="1" ind2="3" tag="246"><subfield code="a">Review</subfield></datafield><datafield ind1="1" ind2="3" tag="246"><subfield code="a">Citizen-review</subfield></datafield><datafield ind1=" " ind2=" " tag="260"><subfield code="a">Evansville, Wis. :</subfield><subfield code="b">I.A. Hoxie,</subfield><subfield code="c">1870-1875.</subfield></datafield><datafield ind1=" " ind2=" " tag="300"><subfield code="a">v. :</subfield><subfield code="b">ill. (chiefly advertisements)</subfield></datafield><datafield ind1=" " ind2=" " tag="310"><subfield code="a">Weekly</subfield></datafield><datafield ind1="0" ind2=" " tag="362"><subfield code="a">Vol. 1, no. 1 (Mar. 15, 1870)-v. 1, no. 13 (June 8, 1870); v. 5, no. 1 (June 15, 1870)-v. 10, no. 22 (Sept. 29, 1875).</subfield></datafield><datafield ind1=" " ind2=" " tag="500"><subfield code="a">Editor: I.A. Hoxie, March 15, 1870-Sept. 29, 1875.</subfield></datafield><datafield ind1=" " ind2=" " tag="530"><subfield code="a">Available on microfilm from The State Historical Society of Wisconsin.</subfield></datafield><datafield ind1=" " ind2=" " tag="752"><subfield code="a">United States</subfield><subfield code="b">Wisconsin</subfield><subfield code="c">Rock</subfield><subfield code="d">Evansville.</subfield></datafield><datafield ind1="0" ind2="5" tag="780"><subfield code="t">Evansville citizen</subfield><subfield code="w">(DLC)sn 85041198</subfield></datafield><datafield ind1="0" ind2="0" tag="785"><subfield code="t">Evansville weekly review (Evansville, Wis. : 1875)</subfield><subfield code="w">(DLC)sn 86086107</subfield></datafield></record>